<?xml version="1.0" encoding="UTF-8"?><record xmlns="http://www.loc.gov/MARC21/slim" xmlns:cinclude="http://apache.org/cocoon/include/1.0" xmlns:zs="http://www.loc.gov/zing/srw/">
  <leader>00439nz  a2200133n  4500</leader>
  <controlfield tag="001">nb 99110613 </controlfield>
  <controlfield tag="003">DLC</controlfield>
  <controlfield tag="005">20000210050311.0</controlfield>
  <controlfield tag="008">000209n| acannaabn          |n aaa     c</controlfield>
  <datafield tag="010" ind1=" " ind2=" ">
    <subfield code="a">nb 99110613 </subfield>
  </datafield>
  <datafield tag="040" ind1=" " ind2=" ">
    <subfield code="a">Uk</subfield>
    <subfield code="b">eng</subfield>
    <subfield code="c">Uk</subfield>
  </datafield>
  <datafield tag="100" ind1="1" ind2="0">
    <subfield code="a">Richards, Kathleen Anne,</subfield>
    <subfield code="d">1927-1997</subfield>
  </datafield>
  <datafield tag="670" ind1=" " ind2=" ">
    <subfield code="a">Caring for Kathleen, c2000:</subfield>
    <subfield code="b">p.1 (born 15 July 1927) p.35 (died 6 Feb. 1997)</subfield>
  </datafield>
  <datafield tag="670" ind1=" " ind2=" ">
    <subfield code="a">E-mail from publisher, 9 Feb. 2000</subfield>
    <subfield code="b">(full name: Kathleen Anne Richards)</subfield>
  </datafield>
</record>